@misc{LGPD,
	Author = {Michel Temer},
	Date-Added = { 2018-08-14 00:00 +0000},
	Date-Modified = { 2018-08-14 00:00 +0000},
	Title = {Lei Geral de Proteção de Dados Pessoais (LGPD)},
	Month = {Aug.},
	Url = {http://www.planalto.gov.br/ccivil_03/_ato2015-2018/2018/lei/L13709.htm},
	Year = {2018},
	Bdsk-Url-1 = {http://www.planalto.gov.br/ccivil_03/_ato2015-2018/2018/lei/L13709.htm}}

@misc{rstudio,
	Author = {RStudio},
	Date-Added = { 2019-12-17 00:00 +0000},
	Date-Modified = { 2019-12-17 00:00 +0000},
	Title = {Download RStudio Server for Debian \& Ubuntu},
	Month = {Dec.},
	Url = {https://rstudio.com/products/rstudio/download-server/debian-ubuntu/},
	Year = {2020},
	Bdsk-Url-1 = {https://rstudio.com/products/rstudio/download-server/debian-ubuntu/}}

@manual{rcran,
	Author = {R CoreTeam},
	Date-Added = {2020-03-05 14:08 +0000},
	Date-Modified = {2020-03-05 14:08 +0000},
	Month = {Mar.},
	Title = {R Installation and Administration},
	Url = {https://cloud.r-project.org/doc/manuals/r-release/R-admin.pdf},
	Year = {2020},
	Bdsk-Url-1 = {https://cloud.r-project.org/doc/manuals/r-release/R-admin.pdf}}

@misc{rtools,
	Author = {R CoreTeam},
	Date-Added = { 2019-12-17 00:00 +0000},
	Date-Modified = { 2019-12-17 00:00 +0000},
	Title = {Download Rtools for Windows},
	Month = {Dec.},
	Url = {https://cran.r-project.org/bin/windows/Rtools/},
	Year = {2020},
	Bdsk-Url-1 = {https://cran.r-project.org/bin/windows/Rtools/}}

@manual{data.table,
	Author = {Matt Dowle},
	Date-Added = {2019-12-09 10:30:10 +0000},
	Date-Modified = {2019-12-09 10:30:10 +0000},
	Month = {Dec.},
	Title = {Extension of `data.frame`},
	Url = {https://cran.r-project.org/web/packages/data.table/data.table.pdf},
	Year = {2019},
	Bdsk-Url-1 = {https://cran.r-project.org/web/packages/data.table/data.table.pdf}}

@manual{dplyr,
	Author = {Hadley Wickham},
	Date-Added = {2020-01-30 10:30:10 +0000},
	Date-Modified = {2020-01-30 10:30:10 +0000},
	Month = {Jan.},
	Title = {A Grammar of Data Manipulation},
	Url = {https://cran.r-project.org/web/packages/dplyr/dplyr.pdf},
	Year = {2020},
	Bdsk-Url-1 = {https://cran.r-project.org/web/packages/dplyr/dplyr.pdf}}

@manual{magrittr,
	Author = {Stefan Bache},
	Date-Added = {2014-11-22 19:15:57 +0000},
	Date-Modified = {2014-11-22 19:15:57 +0000},
	Month = {Nov.},
	Title = {A Forward-Pipe Operator for R},
	Url = {https://cran.r-project.org/web/packages/magrittr/magrittr.pdf},
	Year = {2016},
	Bdsk-Url-1 = {https://cran.r-project.org/web/packages/magrittr/magrittr.pdf}}

@manual{purrr,
	Author = {Lionel Henry},
	Date-Added = {2019-10-17 12:06:04 +0000},
	Date-Modified = {2019-10-17 12:06:04 +0000},
	Month = {Oct.},
	Title = {Functional Programming Tools},
	Url = {https://cran.r-project.org/web/packages/purrr/purrr.pdf},
	Year = {2019},
	Bdsk-Url-1 = {https://cran.r-project.org/web/packages/purrr/purrr.pdf}}

@manual{stringr,
	Author = {Hadley Wickham},
	Date-Added = {2019-02-10 03:40:03 +0000},
	Date-Modified = {2019-02-10 03:40:03 +0000},
	Month = {Feb.},
	Title = {Simple, Consistent Wrappers for Common String Operations},
	Url = {https://cran.r-project.org/web/packages/stringr/stringr.pdf},
	Year = {2019},
	Bdsk-Url-1 = {https://cran.r-project.org/web/packages/stringr/stringr.pdf}}

@manual{vroom,
	Author = {Jim Hester},
	Date-Added = {2020-01-13 12:06:04 +0000},
	Date-Modified = {2020-01-13 12:06:56 +0000},
	Month = {Jan.},
	Title = {Read and Write Rectangular Text Data Quickly},
	Url = {https://cran.r-project.org/web/packages/vroom/vroom.pdf},
	Year = {2020},
	Bdsk-Url-1 = {https://cran.r-project.org/web/packages/vroom/vroom.pdf}}
